<?xml version="1.0" encoding="UTF-8"?><record xmlns="http://www.loc.gov/MARC21/slim" xmlns:cinclude="http://apache.org/cocoon/include/1.0" xmlns:zs="http://www.loc.gov/zing/srw/">
  <leader>00482nz  a2200145n  4500</leader>
  <controlfield tag="001">no2014005273</controlfield>
  <controlfield tag="003">DLC</controlfield>
  <controlfield tag="005">20140116073513.0</controlfield>
  <controlfield tag="008">140115n| azannaabn          |a aaa     c</controlfield>
  <datafield tag="010" ind1=" " ind2=" ">
    <subfield code="a">no2014005273</subfield>
  </datafield>
  <datafield tag="035" ind1=" " ind2=" ">
    <subfield code="a">(OCoLC)oca09656638</subfield>
  </datafield>
  <datafield tag="040" ind1=" " ind2=" ">
    <subfield code="a">TxHU</subfield>
    <subfield code="b">eng</subfield>
    <subfield code="e">rda</subfield>
    <subfield code="c">TxHU</subfield>
  </datafield>
  <datafield tag="100" ind1="1" ind2=" ">
    <subfield code="a">Martínez Rivas, Carlos.</subfield>
    <subfield code="t">Paraíso Recobrado.</subfield>
    <subfield code="l">English</subfield>
  </datafield>
  <datafield tag="400" ind1="1" ind2=" ">
    <subfield code="a">Martínez Rivas, Carlos.</subfield>
    <subfield code="t">Paradise regained</subfield>
  </datafield>
  <datafield tag="670" ind1=" " ind2=" ">
    <subfield code="a">El paraíso recobrado, c2001.</subfield>
    <subfield code="b">t.p. (El paraíso recobrado = Paradise regained)</subfield>
  </datafield>
</record>